<?xml version="1.0" encoding="UTF-8"?><collection xmlns="http://www.loc.gov/MARC21/slim"><record><leader>00373nam--2200133-i-4500</leader><controlfield tag="001">000011648</controlfield><controlfield tag="002">20161230</controlfield><controlfield tag="005">20161230201029</controlfield><controlfield tag="008">060222s1000------------r-----000-0-eng-d</controlfield><datafield ind1=" " ind2=" " tag="100"><subfield code="a">Cotolulis, Socratis</subfield></datafield><datafield ind1=" " ind2=" " tag="245"><subfield code="a">Ghid de conversatie grec-roman. editia a 2-a, revizuita si imbunatatita</subfield></datafield><datafield ind1=" " ind2=" " tag="260"><subfield code="a">Bucuresti, Editura Sport-turism, 1976</subfield></datafield><datafield ind1=" " ind2=" " tag="490"><subfield code="a">185p</subfield></datafield><datafield ind1=" " ind2=" " tag="852"><subfield code="a">03=774=R</subfield></datafield></record></collection>